@misc{True2000,
    title = "A yeast prion provides a mechanism for genetic variation and phenotypic diversity",
    author = "True, Heather L.  and
      Lindquist, Susan L.",
    year = "2000",
    doi = "10.1038/35035005",
}
