@article{Taylor1989,
  author={Taylor, D.G. and Kokotovic, P.V. and Marino, R.},
  journal={IEEE Transactions on Automatic Control}, 
  title={Adaptive regulation of nonlinear systems with unmodeled dynamics}, 
  year={1989},
  volume={Vol. 34},
  pages={405-412}
}

@article{aksin,
  author       = {Aks{\i}n, {\"O}zge and T{\"u}rkmen, Hayati and Artok, Levent
                  and {\c{C}}etinkaya, Bekir and Ni, Chaoying and
                  B{\"u}y{\"u}kg{\"u}ng{\"o}r, Orhan and {\"O}zkal, Erhan},
  title        = {Effect of immobilization on catalytic characteristics of
                  saturated {Pd-N}-heterocyclic carbenes in {Mizoroki-Heck}
                  reactions},
  journaltitle = jomch,
  date         = 2006,
  volume       = {Vol. 691},
  number       = 13,
  pages        = {3027-3036},
  indextitle   = {Effect of immobilization on catalytic characteristics},
}

@article{bertram,
  author       = {Bertram, Aaron and Wentworth, Richard},
  title        = {Gromov invariants for holomorphic maps on {Riemann} surfaces},
  journaltitle = jams,
  date         = 1996,
  volume       = {Vol. 9},
  number       = 2,
  pages        = {529-571},
  langid       = {english},
  langidopts   = {variant=american},
  shorttitle   = {Gromov invariants},
}

@article{gillies,
  author       = {Gillies, Alexander},
  title        = {Herder and the Preparation of {Goethe's} Idea of World
                  Literature},
  journaltitle = {Publications of the English Goethe Society},
  date         = 1933,
  series       = {newseries},
  volume       = 9,
  pages        = {46-67},
  langid       = {english},
  langidopts   = {variant=british}
}