@article{ward2001landslide,
  title={Landslide tsunami},
  author={Ward, Steven N},
  journal={Journal of Geophysical Research: Solid Earth},
  volume={106},
  number={B6},
  pages={11201--11215},
  year={2001},
  publisher={Wiley Online Library}
}